@book{oxed,
	editor={Oxford University press},
	colection={Plagerism},
	title={Oxford English Dictionary}
	

}

@article{mp_ml, 
	title={Software plagiarism detection in multiprogramming languages using Machine Learning Approach}, volume={33}, 
	DOI={10.1002/cpe.5000}, 
	number={4}, 
	journal={Concurrency and Computation: Practice and Experience}, 
	author={Ullah, Farhan and Wang, Junfeng and Farhan, Muhammad and Habib, Masood and Khalid, Shehzad}, year={2018}, month={Oct}
	} 

 @article{ml_style, title={Plagiarism detection in programming assignments using machine learning}, volume={2}, DOI={10.36548/jaicn.2020.3.005}, number={3}, journal={September 2020}, author={Awale, Nishesh and Pandey, Mitesh and Dulal, Anish and Timsina, Bibek}, year={2020}, month={Jul}, pages={177–184}} 
 
@phdthesis{uu_thesis,
  author  = {Daniël Heres},
  title   = {Source Code Plagiarism Detection using Machine Learning},
  school  = {Utrecht University},
  year    = 2017,
  month   = Aug
}
@masterthesis{IIITH_thesis,
  author  = {Jitendra Yasaswi Bharadwaj Katta},
  title   = {Machine Learning for Source-code Plagiarism Detection
},
  school  = {International Institute of Information Technology
Hyderabad},
  year    = 2018,
  month   = July
}
@article{english,
 title={An integrated approach for intrinsic plagiarism detection}, 
 volume={96}, 
 DOI={10.1016/j.future.2017.11.023}, 
 journal={Future Generation Computer Systems},
 author={AlSallal, Muna and Iqbal, Rahat and Palade, Vasile and Amin, Saad and Chang, Victor}, 
 year={2019}, 
 month={Jul}, 
 pages={700–712}
 } 
 @article{and_you_fail, title={Evaluating the efficacy of AI content detection tools in differentiating between human and ai-generated text}, volume={19}, DOI={10.1007/s40979-023-00140-5}, number={1}, journal={International Journal for Educational Integrity}, author={Elkhatat, Ahmed M. and Elsaid, Khaled and Almeer, Saeed}, year={2023}, month={Sep}} 
 
 @misc{23_percent, title={New Ai classifier for indicating AI-written text}, url={https://openai.com/blog/new-ai-classifier-for-indicating-ai-written-text}, journal={OpenAI}, author={Kirchner, Jan Hendrik and Ahmad, Lama and Aaronson, Scott and Leike, Jan}, year={2023}, month={Jan}} 
@article{llm_detect,
  title = {OUTFOX: LLM-Generated Essay Detection Through In-Context Learning with Adversarially Generated Examples},
  volume = {38},
  ISSN = {2159-5399},
  url = {http://dx.doi.org/10.1609/aaai.v38i19.30120},
  DOI = {10.1609/aaai.v38i19.30120},
  number = {19},
  journal = {Proceedings of the AAAI Conference on Artificial Intelligence},
  publisher = {Association for the Advancement of Artificial Intelligence (AAAI)},
  author = {Koike,  Ryuto and Kaneko,  Masahiro and Okazaki,  Naoaki},
  year = {2024},
  month = mar
}
@article{gibson-reuse,
  title = {Software reuse and plagiarism: a code of practice},
  volume = {41},
  ISSN = {0097-8418},
  url = {http://dx.doi.org/10.1145/1595496.1562900},
  DOI = {10.1145/1595496.1562900},
  number = {3},
  journal = {ACM SIGCSE Bulletin},
  publisher = {Association for Computing Machinery (ACM)},
  author = {Gibson,  J. Paul},
  year = {2009},
  month = jul,
  pages = {55–59}
}
@article{attitude,
  title = {Attitudes  of  second  year  Computer  Science  undergraduates  toward  plagiarism},
  volume = {41},
  number = {6},
  journal = {Caribbean Teaching Scholar},
  publisher = {Educational Research Association (ERA)},
  author = {Walcott,  Paul},
  year = {2016},
  month = dec,
  pages = {63–80}
}
@inproceedings{prevalent,
  title={Is plagiarism more prevalent in some forms of assessment than others},
  author={Lubna Sheikh},
  year={2004},
  url={https://api.semanticscholar.org/CorpusID:210566353}
}
@inproceedings{moss,
  title = {Winnowing: local algorithms for document fingerprinting},
  url = {http://dx.doi.org/10.1145/872757.872770},
  DOI = {10.1145/872757.872770},
  booktitle = {Proceedings of the 2003 ACM SIGMOD international conference on Management of data},
  publisher = {ACM},
  author = {Schleimer,  Saul and Wilkerson,  Daniel S. and Aiken,  Alex},
  year = {2003},
  month = jun
}
@inproceedings{semantic,
  title = {Detecting computer code plagiarism in higher education},
  url = {http://dx.doi.org/10.1109/ITI.2009.5196118},
  DOI = {10.1109/iti.2009.5196118},
  booktitle = {Proceedings of the ITI 2009 31st International Conference on Information Technology Interfaces},
  publisher = {IEEE},
  author = {Konecki,  Mario and Orehovacki,  Tihomir and Lovrencic,  Alen},
  year = {2009},
  month = jun 
}